@article{cl_update,
    author = "Veit Elser",
    title = "Conservative updates by backward-forward cycles",
    year = 2019,
}
